@book{alekseev,
  author    = {Алексеев, В.Б.},
  title     = {Теорема Абеля в задачах и решениях},
  publisher = {МЦНМО},
  year      = {2024}
}

@book{artin,
  author    = {Артин, Э.},
  title     = {Теория Галуа},
  publisher = {МЦНМО},
  year      = {2004}
}

@book{atiyah,
  author    = {Атья, М. and Макдональд, И.},
  title     = {Введение в коммутативную алгебру},
  publisher = {МЦНМО},
  year      = {2021}
}

@book{set_theory,
  author    = {Верещагин, Н.К. and Шень, А.},
  title     = {Лекции по математической логике и теории алгоритмов. Часть 1. Начала теории множеств},
  publisher = {МЦНМО},
  year      = {2024}
}

@book{winberg,
  author    = {Винберг, Э.Б.},
  title     = {Курс алгебры},
  publisher = {МЦНМО},
  year      = {2019}
}

@book{kostrikin,
  author    = {Кострикин, А.И.},
  title     = {Введение в алгебру},
  publisher = {МЦНМО},
  year      = {2020}
}

@book{kurosh,
  author    = {Курош, А.Г.},
  title     = {Курс высшей алгебры},
  publisher = {Лань},
  year      = {2007}
}

@book{lindon,
  author    = {Линдон, Р. and Шупп, П.},
  title     = {Комбинаторная теория групп},
  publisher = {Мир},
  year      = {1980}
}

@book{category,
  author    = {Маклейн, С.},
  title     = {Категории для работающего математика},
  publisher = {Физматлит},
  year      = {2004}
}

@misc{algebra,
  author       = {Авдеев, Р.С.},
  title        = {Алгебра},
  note         = {Видео-лекции},
  url          = {https://youtube.com/playlist?list=PLEwK9wdS5g0pxQ2ThGS3ObFwm4h1Ll0Kr}
}

@misc{algebra1,
  author       = {Аржанцев, И.В.},
  title        = {Алгебра. Часть 1},
  note         = {Видео-лекции},
  url          = {https://youtube.com/playlist?list=PLcsjsqLLSfNDNW9aTp8CVwvbKpTwACTjg}
}

@misc{algebra2,
  author       = {Аржанцев, И.В.},
  title        = {Алгебра. Часть 2},
  note         = {Видео-лекции},
  url          = {https://youtube.com/playlist?list=PLcsjsqLLSfNBes4Xj0eZJRYU2j-Vmpyc9}
}

@misc{algebra3,
  author       = {Аржанцев, И.В.},
  title        = {Алгебра. Часть 3},
  note         = {Видео-лекции},
  url          = {https://youtube.com/playlist?list=PLp9ABVh6_x4H52YxrWoJn0sS3XSoK9_Il}
}

@misc{finite_fields_vid,
  author       = {Аржанцев, И.В.},
  title        = {Конечные поля},
  note         = {Видео-лекции},
  url          = {https://www.youtube.com/watch?v=9PTiaQODKiA}
}

@misc{category_theory,
  author       = {Брагилевский, В.Н. and others},
  title        = {Теория категорий},
  note         = {Видео-лекции},
  url          = {https://youtube.com/playlist?list=PLvPsfYrGz3wsX3Z5KuuEVYhijDxhKCDDD}
}

@misc{geometry_and_groups,
  author       = {Савватеев, А.В.},
  title        = {Геометрия и группы},
  note         = {Видео-лекции},
  url          = {https://youtube.com/playlist?list=PLlx2izuC9gjgZsBALx2ZF7IMGoNl07A9l}
}

@misc{finite_fields_list,
  author       = {Савватеев, А.В.},
  title        = {Конечные поля},
  note         = {Видео-лекции},
  url          = {https://youtube.com/playlist?list=PLH3NNipqeM1vcHnP4czWemq5DyBw9MXxn}
}

@misc{galois_theory,
  author       = {Савватеев, А.В.},
  title        = {Теория Галуа},
  note         = {Видео-лекции},
  url          = {https://youtube.com/playlist?list=PLgEpoT7yAl9VWebUfw4uOlut1ZaoFjFcb}
}

@misc{for_physicists,
  title        = {Элементарное введение в теорию групп (для физиков)},
  note         = {Видео-лекции},
  url          = {https://youtube.com/playlist?list=PLnbH8YQPwKblIpRi0ARO2VadnMwntvF51}
}
