@book{Hemingway1952,
	title={Старик и море},
	author={Хемингуэй, Эрнест},
	year={1952},
	publisher={Charles Scribner's Sons}
}